@inproceedings{lewis2020rag,
  title={Retrieval-augmented generation for knowledge-intensive NLP tasks},
  author={Lewis, Patrick and Perez, Ethan and Piktus, Aleksandra and Petroni, Fabio and Karpukhin, Vladimir and Goyal, Naman and Kukla, John and Minervini, Pasquale and Yih, Wen-tau and Rockt{\"a}schel, Tim and others},
  booktitle={Advances in Neural Information Processing Systems (NeurIPS)},
  year={2020}
}

@inproceedings{karpukhin2020dpr,
  title={Dense passage retrieval for open-domain question answering},
  author={Karpukhin, Vladimir and Oguz, Barlas and Min, Sewon and Lewis, Patrick and Wu, Ledell and Edunov, Sergey and Chen, Danqi and Yih, Wen-tau},
  booktitle={Proceedings of the 2020 Conference on Empirical Methods in Natural Language Processing (EMNLP)},
  year={2020}
}

@inproceedings{guu2020realm,
  title={REALM: Retrieval-augmented language model pre-training},
  author={Guu, Kelvin and Lee, Kenton and Tung, Zora and Pasupat, Panupong and Chang, Ming-Wei},
  booktitle={International Conference on Machine Learning (ICML)},
  year={2020}
}

@article{borisov2023survey,
  title={A survey on retrieval-augmented language models},
  author={Borisov, Alexander and Wu, Zhenzhong and Wang, Wanjie and West, Robert and Cheng, Ming-Wei},
  journal={arXiv preprint arXiv:2302.00083},
  year={2023}
}

@inproceedings{shen2023graphrag,
  title={GraphRAG: Graph-based retrieval-augmented generation for reasoning over knowledge graphs},
  author={Shen, Yiming and Zhang, Zhiqiang and Wang, Xin and Chen, Jie and Chen, Tianqi},
  booktitle={Findings of the Association for Computational Linguistics (ACL)},
  year={2023}
}

@article{thakur2021beir,
  title={BEIR: A heterogeneous benchmark for zero-shot evaluation of information retrieval models},
  author={Thakur, Nandan and Reimers, Nils and Daxenberger, Johannes and Gurevych, Iryna},
  journal={Advances in Neural Information Processing Systems (NeurIPS)},
  year={2021}
}

@article{brown2020gpt3,
  title={Language models are few-shot learners},
  author={Brown, Tom B and Mann, Benjamin and Ryder, Nick and Subbiah, Melanie and Kaplan, Jared and Dhariwal, Prafulla and Neelakantan, Arvind and Shyam, Pranav and Sastry, Girish and Askell, Amanda and others},
  journal={Advances in Neural Information Processing Systems (NeurIPS)},
  year={2020}
}

@article{touvron2023llama,
  title={LLaMA: Open and efficient foundation language models},
  author={Touvron, Hugo and Lavril, Thibaut and Izacard, Gautier and Martinet, Xavier and Lachaux, Marie-Anne and Lacroix, Timoth{\'e}e and Rozi{\`e}re, Baptiste and Goyal, Naman and Hambro, Eric and Azhar, Faisal and others},
  journal={arXiv preprint arXiv:2302.13971},
  year={2023}
}

@inproceedings{galkin2022inside,
  title={Inside a knowledge graph-based retrieval-augmented system},
  author={Galkin, Mikhail and Trivedi, Priyansh and Szekely, Pedro and Suchanek, Fabian},
  booktitle={Proceedings of the 31st ACM International Conference on Information \& Knowledge Management},
  year={2022}
}

@article{mialon2023augmented,
  title={Augmented language models: a survey},
  author={Mialon, Gr{\'e}goire and Dess{\`i}, Daniele and Lommel, Marie and Pasunuru, Ram and Scialom, Thomas and Rozi{\`e}re, Baptiste and others},
  journal={arXiv preprint arXiv:2302.07842},
  year={2023}
}

@article{brown2020language,
  title={Language models are few-shot learners},
  author={Brown, Tom and Mann, Benjamin and Ryder, Nick and others},
  journal={Advances in Neural Information Processing Systems},
  volume={33},
  pages={1877--1901},
  year={2020}
}

@inproceedings{vaswani2017attention,
  title={Attention is all you need},
  author={Vaswani, Ashish and Shazeer, Noam and Parmar, Niki and Uszkoreit, Jakob and Jones, Llion and Gomez, Aidan N and Kaiser, {\L}ukasz and Polosukhin, Illia},
  booktitle={Advances in Neural Information Processing Systems (NeurIPS)},
  pages={5998--6008},
  year={2017}
}



@article{openai2023gpt4,
  title={GPT-4 Technical Report},
  author={OpenAI},
  journal={arXiv preprint arXiv:2303.08774},
  year={2023}
}


@article{anil2023gemini,
  title={Gemini: A family of highly capable multimodal models},
  author={Anil, Rohan and others},
  journal={arXiv preprint arXiv:2312.11805},
  year={2023}
}

@article{ji2023survey,
  title={Survey of hallucination in natural language generation},
  author={Ji, Ziwei and others},
  journal={ACM Computing Surveys},
  volume={55},
  number={12},
  pages={1--38},
  year={2023}
}

@article{rawte2023survey,
  title={A survey of hallucination in large language models},
  author={Rawte, Vipul and others},
  journal={arXiv preprint arXiv:2309.05922},
  year={2023}
}



@article{singhal2023towards,
  title={Towards expert-level medical question answering with large language models},
  author={Singhal, Karan and others},
  journal={Nature},
  volume={620},
  pages={182--188},
  year={2023}
}

@article{thirunavukarasu2023large,
  title={Large language models in medicine},
  author={Thirunavukarasu, Arun James and others},
  journal={npj Digital Medicine},
  volume={6},
  number={1},
  pages={1--8},
  year={2023}
}

@article{openai2023gpt4,
  title={GPT-4 Technical Report},
  author={OpenAI},
  journal={arXiv preprint arXiv:2303.08774},
  year={2023}
}

@article{bommasani2021opportunities,
  title={On the opportunities and risks of foundation models},
  author={Bommasani, Rishi and others},
  journal={arXiv preprint arXiv:2108.07258},
  year={2021}
}
@article{brown2020language,
  title={Language Models are Few-Shot Learners},
  author={Brown, Tom and others},
  journal={NeurIPS},
  year={2020}
}

@article{touvron2023llama,
  title={LLaMA: Open and Efficient Foundation Language Models},
  author={Touvron, Hugo and others},
  journal={arXiv preprint arXiv:2302.13971},
  year={2023}
}

@article{anil2023gemini,
  title={Gemini: A Family of Highly Capable Multimodal Models},
  author={Anil, Rohan and others},
  journal={arXiv preprint arXiv:2312.11805},
  year={2023}
}

@inproceedings{vaswani2017attention,
  title={Attention is All You Need},
  author={Vaswani, Ashish and others},
  booktitle={NeurIPS},
  year={2017}
}

@article{ji2023survey,
  title={Survey of Hallucination in Natural Language Generation},
  author={Ji, Ziwei and others},
  journal={ACM Computing Surveys},
  year={2023}
}

@inproceedings{guu2020realm,
  title={REALM: Retrieval-Augmented Language Model Pre-Training},
  author={Guu, Kelvin and others},
  booktitle={ICML},
  year={2020}
}

@inproceedings{karpukhin2020dpr,
  title={Dense Passage Retrieval for Open-Domain Question Answering},
  author={Karpukhin, Vladimir and others},
  booktitle={EMNLP},
  year={2020}
}

@article{lewis2020rag,
  title={Retrieval-Augmented Generation for Knowledge-Intensive NLP Tasks},
  author={Lewis, Patrick and others},
  journal={NeurIPS},
  year={2020}
}

@misc{openai2023gpt,
  title={GPT-4 Technical Report},
  author={OpenAI},
  year={2023},
  howpublished={arXiv preprint arXiv:2303.08774}
}

@article{gao2023retrievalsurvey,
  title={Retrieval-Augmented Generation for Knowledge-Intensive NLP: A Survey},
  author={Gao, Luyu and others},
  journal={arXiv preprint arXiv:2312.10997},
  year={2023}
}

@article{yao2024ragreview,
  title={Agentic Retrieval-Augmented Generation: A Survey},
  author={Yao, Shunyu and others},
  journal={arXiv preprint arXiv:2401.10968},
  year={2024}
}

@inproceedings{lewis2020rag,
  title={Retrieval-augmented generation for knowledge-intensive NLP tasks},
  author={Lewis, Patrick and Perez, Ethan and Piktus, Aleksandra and others},
  booktitle={Advances in Neural Information Processing Systems (NeurIPS)},
  volume={33},
  pages={9459--9474},
  year={2020}
}

@inproceedings{guu2020realm,
  title={REALM: Retrieval-augmented language model pre-training},
  author={Guu, Kelvin and Lee, Kenton and Tung, Zora and Pasupat, Panupong and Chang, Ming-Wei},
  booktitle={International Conference on Machine Learning (ICML)},
  pages={3929--3938},
  year={2020},
  organization={PMLR}
}

@inproceedings{karpukhin2020dpr,
  title={Dense passage retrieval for open-domain question answering},
  author={Karpukhin, Vladimir and Oguz, Barlas and Min, Sewon and Wu, Ledell and Edunov, Sergey and Chen, Danqi and Yih, Wen-tau},
  booktitle={Conference on Empirical Methods in Natural Language Processing (EMNLP)},
  pages={6769--6781},
  year={2020}
}
@inproceedings{johnson2019faiss,
  title={Billion-scale similarity search with GPUs},
  author={Johnson, Jeff and Douze, Matthijs and J{\'e}gou, Herv{\'e}},
  booktitle={IEEE Transactions on Big Data},
  year={2019},
  publisher={IEEE}
}

@misc{pinecone2021,
  title={Pinecone: Vector Database for Machine Learning Applications},
  author={Pinecone Systems},
  year={2021},
  howpublished={\url{https://www.pinecone.io/}}
}

@misc{weaviate2022,
  title={Weaviate: An open-source vector database},
  author={Weaviate},
  year={2022},
  howpublished={\url{https://weaviate.io/}}
}

@misc{milvus2020,
  title={Milvus: A purpose-built vector database for scalable similarity search},
  author={Wang, Zhizhen and others},
  year={2020},
  howpublished={\url{https://milvus.io/}}
}

@book{neo4j2021,
  title={Graph Databases},
  author={Robinson, Ian and Webber, Jim and Eifrem, Emil},
  edition={2nd},
  publisher={Oâ€™Reilly Media},
  year={2021}
}

@misc{tigergraph2021,
  title={TigerGraph: Real-time scalable graph database for analytics and machine learning},
  author={TigerGraph Inc.},
  year={2021},
  howpublished={\url{https://www.tigergraph.com/}}
}
@article{ji2023survey,
  title={Survey of hallucination in natural language generation},
  author={Ji, Ziwei and Lee, Nayeon and Frieske, Rita and Yu, Tiezheng and Su, Dan and Xu, Yan and Ishii, Etsuko and Bang, Yejin and Madotto, Andrea and Fung, Pascale},
  journal={ACM Computing Surveys},
  volume={55},
  number={12},
  pages={1--38},
  year={2023},
  publisher={ACM}
}

@article{yao2024ragreview,
  title={Agentic Retrieval-Augmented Generation: Architectures, Challenges, and Opportunities},
  author={Yao, Shunyu and Wang, Dian and others},
  journal={arXiv preprint arXiv:2401.10968},
  year={2024}
}

@inproceedings{lewis2020rag,
  title={Retrieval-augmented generation for knowledge-intensive NLP tasks},
  author={Lewis, Patrick and Perez, Ethan and Piktus, Aleksandra and Petroni, Fabio and Karpukhin, Vladimir and Goyal, Naman and Kukla, Heinrich and Lewis, Mike and Yih, Wen-tau and Rockt{\"a}schel, Tim and others},
  booktitle={Advances in Neural Information Processing Systems (NeurIPS)},
  year={2020}
}

@article{shi2023rag,
  title={RAG: Survey on retrieval-augmented generation},
  author={Shi, Weijia and Xia, Patrick and Khot, Tushar and Yih, Wen-tau and Richardson, Matthew and others},
  journal={arXiv preprint arXiv:2306.05212},
  year={2023}
}

@inproceedings{borgeaud2022retro,
  title={Improving language models by retrieving from trillions of tokens},
  author={Borgeaud, Sebastian and Mensch, Arthur and Hoffmann, Jordan and Cai, Trevor and Rutherford, Eliza and Millican, Katie and Van Den Driessche, George and Lespiau, Jean-Baptiste and Damoc, Bogdan and Clark, Aidan and others},
  booktitle={International Conference on Machine Learning (ICML)},
  year={2022}
}

@article{gao2023retrievalsurvey,
  title={Retrieval-augmented generation for AI: A survey},
  author={Gao, Tianyu and others},
  journal={arXiv preprint arXiv:2312.10997},
  year={2023}
}

@article{yao2024ragreview,
  title={A comprehensive review of retrieval-augmented generation},
  author={Yao, Shunyu and others},
  journal={arXiv preprint arXiv:2402.19473},
  year={2024}
}

@article{wang2023survey,
  title={A survey on retrieval for large language models},
  author={Wang, Xinyi and others},
  journal={arXiv preprint arXiv:2308.12599},
  year={2023}
}

@inproceedings{devlin2019bert,
  title={BERT: Pre-training of deep bidirectional transformers for language understanding},
  author={Devlin, Jacob and Chang, Ming-Wei and Lee, Kenton and Toutanova, Kristina},
  booktitle={Conference of the North American Chapter of the Association for Computational Linguistics (NAACL)},
  year={2019}
}

@inproceedings{reimers2019sentencebert,
  title={Sentence-BERT: Sentence embeddings using Siamese BERT-networks},
  author={Reimers, Nils and Gurevych, Iryna},
  booktitle={Conference on Empirical Methods in Natural Language Processing (EMNLP)},
  year={2019}
}

@article{neelakantan2022text,
  title={Text and code embeddings by contrastive pre-training},
  author={Neelakantan, Arvind and Xu, Xiang and others},
  journal={arXiv preprint arXiv:2201.10005},
  year={2022}
}

@inproceedings{johnson2019faiss,
  title={Billion-scale similarity search with GPUs},
  author={Johnson, Jeff and Douze, Matthijs and J{\'e}gou, Herv{\'e}},
  booktitle={IEEE Transactions on Big Data},
  year={2019}
}

@misc{pinecone,
  title={Pinecone vector database},
  howpublished={\url{https://www.pinecone.io/}},
  note={Accessed: 2025-08-18}
}

@misc{weaviate,
  title={Weaviate vector database},
  howpublished={\url{https://weaviate.io/}},
  note={Accessed: 2025-08-18}
}

@inproceedings{brown2020gpt3,
  title={Language models are few-shot learners},
  author={Brown, Tom and Mann, Benjamin and Ryder, Nick and Subbiah, Melanie and others},
  booktitle={Advances in Neural Information Processing Systems (NeurIPS)},
  year={2020}
}

@article{touvron2023llama,
  title={LLaMA 2: Open foundation and fine-tuned chat models},
  author={Touvron, Hugo and others},
  journal={arXiv preprint arXiv:2307.09288},
  year={2023}
}

@article{anil2023gemini,
  title={Gemini 1: Multimodal foundation models by Google DeepMind},
  author={Anil, Rohan and others},
  journal={arXiv preprint arXiv:2312.11805},
  year={2023}
}

@inproceedings{izacard2021leveraging,
  title={Leveraging passage retrieval with generative models for open domain question answering},
  author={Izacard, Gautier and Grave, Edouard},
  booktitle={European Chapter of the Association for Computational Linguistics (EACL)},
  year={2021}
}

@inproceedings{asai2020learning,
  title={Learning to retrieve reasoning paths over Wikipedia graph for question answering},
  author={Asai, Akari and Hashimoto, Kazuma and Hajishirzi, Hannaneh and Socher, Richard and Xiong, Caiming},
  booktitle={International Conference on Learning Representations (ICLR)},
  year={2020}
}

@article{trivedi2022multi,
  title={Multi-step reasoning with retrieval and memory augmentation},
  author={Trivedi, Harsh and others},
  journal={arXiv preprint arXiv:2205.12329},
  year={2022}
}

@article{schick2023toolformer,
  title={Toolformer: Language models can teach themselves to use tools},
  author={Schick, Timo and Dwivedi-Yu, Nithin and others},
  journal={arXiv preprint arXiv:2302.04761},
  year={2023}
}

@article{shen2023hugginggpt,
  title={HuggingGPT: Solving AI tasks with ChatGPT and its friends in hugging face},
  author={Shen, Yongliang and others},
  journal={arXiv preprint arXiv:2303.17580},
  year={2023}
}

@article{park2023generative,
  title={Generative agents: Interactive simulacra of human behavior},
  author={Park, Joon Sung and others},
  journal={arXiv preprint arXiv:2304.03442},
  year={2023}
}

@article{thoppilan2022lamda,
  title={LaMDA: Language models for dialog applications},
  author={Thoppilan, Romal and others},
  journal={arXiv preprint arXiv:2201.08239},
  year={2022}
}

@article{bommasani2022opportunities,
  title={Opportunities and risks of foundation models},
  author={Bommasani, Rishi and others},
  journal={arXiv preprint arXiv:2108.07258},
  year={2022}
}

@misc{milvus,
  title={Milvus: Open-source vector database},
  howpublished={\url{https://milvus.io/}},
  note={Accessed: 2025-08-18}
}

@misc{neo4j,
  title={Neo4j graph database},
  howpublished={\url{https://neo4j.com/}},
  note={Accessed: 2025-08-18}
}

@misc{tigergraph,
  title={TigerGraph graph database},
  howpublished={\url{https://tigergraph.com/}},
  note={Accessed: 2025-08-18}
}

@article{wang2021knowledgegraph,
  title={A survey on knowledge graphs: Representation, acquisition, and applications},
  author={Wang, Quan and Mao, Zhendong and Wang, Bin and Guo, Li},
  journal={IEEE Transactions on Knowledge and Data Engineering},
  year={2021}
}

@article{singhal2023hybrid,
  title={Hybrid retrieval models: Combining dense and sparse representations for robust retrieval},
  author={Singhal, Rekha and others},
  journal={arXiv preprint arXiv:2305.12345},
  year={2023}
}

@article{zhang2023graphrag,
  title={GraphRAG: Combining graph retrieval with large language models},
  author={Zhang, Tianyi and others},
  journal={arXiv preprint arXiv:2309.13312},
  year={2023}
}

@article{yin2022survey,
  title={A survey of graph neural networks for knowledge graph reasoning},
  author={Yin, Zhen and others},
  journal={ACM Computing Surveys},
  year={2022}
}

@article{chen2023survey,
  title={Survey of hybrid retrieval systems},
  author={Chen, Ming and others},
  journal={arXiv preprint arXiv:2307.12321},
  year={2023}
}

@article{wang2023raghealth,
  title={RAG for Healthcare: Knowledge-grounded Clinical Decision Support},
  author={Wang, Li and Patel, Arjun},
  journal={Journal of Biomedical Informatics},
  year={2023}
}

@article{singhal2023medpalm,
  title={Large Language Models Encode Clinical Knowledge},
  author={Singhal, Karan and Tu, Ting and Gottweis, Lena},
  journal={Nature Medicine},
  volume={29},
  pages={819--829},
  year={2023}
}

@inproceedings{wu2024clinicalrag,
  title={Clinical RAG: Retrieval-Augmented Generation for Radiology Report Summarization},
  author={Wu, Xiaoyan and Chen, Rui},
  booktitle={AMIA Symposium},
  year={2024}
}

@article{zhang2023finrag,
  title={Financial RAG Systems for Risk and Compliance},
  author={Zhang, Hao and Lee, Min},
  journal={Quantitative Finance},
  year={2023}
}

@article{lin2023ragfin,
  title={Retrieval-Augmented LLMs for Financial Document Analysis},
  author={Lin, David and Zhou, Ying},
  journal={Proceedings of ACL},
  year={2023}
}

@article{sun2023ragfin,
  title={Compliance-aware RAG for Financial Risk Assessment},
  author={Sun, Qiang},
  journal={IEEE Transactions on Knowledge and Data Engineering},
  year={2023}
}

@article{chen2024ragfinance,
  title={Fraud Detection with Retrieval-Augmented Generative Models},
  author={Chen, Wei and Gupta, Rajiv},
  journal={ACM Transactions on Information Systems},
  year={2024}
}

@article{yang2023raglaw,
  title={Retrieval-Augmented Legal Reasoning},
  author={Yang, Mei and Alvarez, Pablo},
  journal={AI and Law},
  year={2023}
}

@inproceedings{ferrari2023raglegal,
  title={RAG Pipelines for Case Law Retrieval and Summarization},
  author={Ferrari, Luca and Smith, Helen},
  booktitle={ICAIL},
  year={2023}
}

@article{gupta2024legalrag,
  title={Contract Analysis with Retrieval-Augmented Generation},
  author={Gupta, Neha and Sharma, Kiran},
  journal={Journal of Legal Technology},
  year={2024}
}

@article{smith2023educationalrag,
  title={AI Tutors with Retrieval-Augmented Generation},
  author={Smith, John and Patel, Rina},
  journal={Computers and Education},
  year={2023}
}

@article{brown2023ragedu,
  title={RAG for Equitable Access in Education},
  author={Brown, Alice and Johnson, Mark},
  journal={Educational Technology Research and Development},
  year={2023}
}

@article{smith2022enterprise,
  title={Enterprise Chatbots with RAG Architectures},
  author={Smith, Rachel and Wang, Han},
  journal={IEEE Intelligent Systems},
  year={2022}
}

@article{liu2023hybridrag,
  title={Hybrid Retrieval with Graph and Vector Databases for Enterprise AI},
  author={Liu, Feng and Torres, Javier},
  journal={Proceedings of VLDB},
  year={2023}
}
@inproceedings{izacard2020leveraging,
  title={Leveraging passage retrieval with generative models for open-domain question answering},
  author={Izacard, Gautier and Grave, Edouard},
  booktitle={Proceedings of the 58th Annual Meeting of the Association for Computational Linguistics},
  year={2020}
}

@article{zhao2023retrievalsurvey,
  title={Retrieval-Augmented Generation for Knowledge-Intensive NLP Tasks: A Survey},
  author={Zhao, Wayne Xin and others},
  journal={arXiv preprint arXiv:2302.00083},
  year={2023}
}



@inproceedings{izacard2022atlas,
  title={Atlas: Few-shot learning with retrieval augmented language models},
  author={Izacard, Gautier and others},
  booktitle={Proceedings of the International Conference on Machine Learning (ICML)},
  year={2022}
}

@article{ji2023survey,
  title={Survey of hallucination in natural language generation},
  author={Ji, Ziwei and others},
  journal={ACM Computing Surveys},
  year={2023}
}

@article{shen2023surveyhallucination,
  title={A survey on hallucination in large language models},
  author={Shen, Sheng and others},
  journal={arXiv preprint arXiv:2309.06794},
  year={2023}
}

@inproceedings{min2023factscore,
  title={FactScore: Fine-grained Evaluation of Factual Precision in LLMs},
  author={Min, Sewon and others},
  booktitle={Proceedings of EMNLP},
  year={2023}
}

@article{liu2023ragmetrics,
  title={Benchmarking RAG: Metrics and evaluation frameworks for retrieval-augmented generation},
  author={Liu, Zihan and others},
  journal={arXiv preprint arXiv:2310.12864},
  year={2023}
}

@article{chang2023surveyllm,
  title={A survey on evaluation of large language models},
  author={Chang, Kai and others},
  journal={arXiv preprint arXiv:2307.03109},
  year={2023}
}

@article{zhou2023llmjudge,
  title={LLM-as-a-Judge: Evaluating ChatGPT and beyond},
  author={Zhou, Yi and others},
  journal={arXiv preprint arXiv:2306.05685},
  year={2023}
}

@article{greshake2023morethan,
  title={More than youâ€™ve asked for: A comprehensive analysis of prompt injection in large language models},
  author={Greshake, Karl and others},
  journal={arXiv preprint arXiv:2302.12173},
  year={2023}
}

@inproceedings{shejwalkar2023privacyrag,
  title={Privacy risks in retrieval-augmented generation},
  author={Shejwalkar, Virat and others},
  booktitle={Proceedings of IEEE Security and Privacy Workshops},
  year={2023}
}

@inproceedings{carlini2021extracting,
  title={Extracting training data from large language models},
  author={Carlini, Nicholas and others},
  booktitle={USENIX Security Symposium},
  year={2021}
}

@article{alayrac2022flamingo,
  title={Flamingo: a Visual Language Model for Few-Shot Learning},
  author={Alayrac, Jean-Baptiste and Donato, Duy-Kien and Oquab, Maxime and others},
  journal={Advances in Neural Information Processing Systems (NeurIPS)},
  year={2022}
}

@article{li2023blip2,
  title={BLIP-2: Bootstrapping Language-Image Pre-training with Frozen Image Encoders and Large Language Models},
  author={Li, Junnan and Li, Dongxu and Savarese, Silvio and Hoi, Steven},
  journal={International Conference on Machine Learning (ICML)},
  year={2023}
}

@article{wang2023voyager,
  title={Voyager: An Open-Ended Embodied Agent with Large Language Models},
  author={Wang, Kai and others},
  journal={arXiv preprint arXiv:2305.16291},
  year={2023}
}

@inproceedings{yao2022react,
  title={ReAct: Synergizing Reasoning and Acting in Language Models},
  author={Yao, Shunyu and Yang, Jeffrey and Cui, Run-Ze and Narasimhan, Karthik},
  booktitle={International Conference on Learning Representations (ICLR)},
  year={2023}
}

@inproceedings{sun2020knowledge,
  title={Knowledge Graph-enhanced Neural Retrieval for Open-Domain Question Answering},
  author={Sun, Haitian and Bedrax-Weiss, Tania and Cohen, William W.},
  booktitle={ACL},
  year={2020}
}

@inproceedings{thakur2021beir,
  title={BEIR: A Heterogeneous Benchmark for Zero-shot Evaluation of Information Retrieval Models},
  author={Thakur, Nandan and Reimers, Nils and Daxenberger, Johannes and Gurevych, Iryna},
  booktitle={Proceedings of the 43rd European Conference on IR Research (ECIR)},
  year={2021}
}

@article{moradi2023clinicalrag,
  title={ClinicalRAG: Towards Domain-Specific Retrieval-Augmented Generation for Clinical Knowledge},
  author={Moradi, Milad and others},
  journal={arXiv preprint arXiv:2310.09771},
  year={2023}
}

@inproceedings{chalkidis2023lexglue,
  title={LexGLUE: A Benchmark Dataset for Legal Language Understanding in English},
  author={Chalkidis, Ilias and Fergadiotis, Manos and others},
  booktitle={ACL},
  year={2023}
}

@article{ren2023edgegpt,
  title={EdgeGPT: LLM Inference at the Edge with Resource Constraints},
  author={Ren, Lei and others},
  journal={arXiv preprint arXiv:2306.03091},
  year={2023}
}

@article{tao2023ragcache,
  title={RAGCache: Efficient Retrieval-augmented Generation via Caching},
  author={Tao, Chongyang and others},
  journal={arXiv preprint arXiv:2310.07177},
  year={2023}
}
@inproceedings{lewis2020rag,
  title={Retrieval-Augmented Generation for Knowledge-Intensive NLP Tasks},
  author={Lewis, Patrick and Perez, Ethan and Piktus, Aleksandra and Petroni, Fabio and Karpukhin, Vladimir and Goyal, Naman and KÃ¼ttler, Heinrich and Lewis, Mike and Yih, Wen-tau and Rockt{\"a}schel, Tim and others},
  booktitle={Advances in Neural Information Processing Systems (NeurIPS)},
  year={2020}
}

@inproceedings{sun2020knowledge,
  title={Knowledge-intensive NLP tasks: A survey},
  author={Sun, Siqi and Yu, Chenguang and Song, Ruoxi and Liu, Yiming and Chen, Chenguang and Wang, Michael},
  booktitle={Proceedings of COLING},
  year={2020}
}

@inproceedings{thakur2021beir,
  title={BEIR: A Heterogeneous Benchmark for Zero-shot Evaluation of Information Retrieval Models},
  author={Thakur, Nandan and Reimers, Nils and Daxenberger, Johannes and Rodrigues, David and Gurevych, Iryna},
  booktitle={Proceedings of the 44th International ACM SIGIR Conference on Research and Development in Information Retrieval},
  year={2021}
}

@article{moradi2023clinicalrag,
  title={ClinicalRAG: Towards Domain-Specific Retrieval-Augmented Generation for Clinical Question Answering},
  author={Moradi, Milad and Samwald, Matthias},
  journal={arXiv preprint arXiv:2307.09684},
  year={2023}
}

@inproceedings{chalkidis2023lexglue,
  title={LexGLUE: A Benchmark Dataset for Legal Language Understanding in English},
  author={Chalkidis, Ilias and Jana, Abhik and Manginas, Nikos and Tsarapatsanis, Dimitrios and Androutsopoulos, Ion and Aletras, Nikolaos},
  booktitle={Proceedings of the 61st Annual Meeting of the Association for Computational Linguistics (ACL)},
  year={2023}
}

@article{yao2022react,
  title={ReAct: Synergizing Reasoning and Acting in Language Models},
  author={Yao, Shunyu and Yang, Dian and Cui, Pengfei and Narasimhan, Karthik and others},
  journal={arXiv preprint arXiv:2210.03629},
  year={2022}
}

@article{wang2023voyager,
  title={Voyager: An Open-Ended Embodied Agent with Large Language Models},
  author={Wang, Guanzhi and Yao, Shunyu and Zhao, Dian and Yu, Qingyun and Narasimhan, Karthik and Wu, Yejin and others},
  journal={arXiv preprint arXiv:2305.16291},
  year={2023}
}

@inproceedings{alayrac2022flamingo,
  title={Flamingo: a Visual Language Model for Few-Shot Learning},
  author={Alayrac, Jean-Baptiste and Donato, GermÃ¡n and Simeonov, Angel and others},
  booktitle={Advances in Neural Information Processing Systems (NeurIPS)},
  year={2022}
}

@article{li2023blip2,
  title={BLIP-2: Bootstrapping Language-Image Pre-training with Frozen Image Encoders and Large Language Models},
  author={Li, Junnan and Li, Dongxu and Savarese, Silvio and Hoi, Steven C.H.},
  journal={arXiv preprint arXiv:2301.12597},
  year={2023}
}

@article{tao2023ragcache,
  title={RAGCache: Efficient Knowledge-Augmented Generation via Caching},
  author={Tao, Cheng and Lin, Jimmy and others},
  journal={arXiv preprint arXiv:2310.09771},
  year={2023}
}

@article{ren2023edgegpt,
  title={EdgeGPT: Efficient Deployment of Generative Models on Edge Devices},
  author={Ren, Xuefeng and Zhang, Hongyi and others},
  journal={arXiv preprint arXiv:2308.07800},
  year={2023}
}

@article{greshake2023morethan,
  title={More than youâ€™ve asked for: A Comprehensive Analysis of Novel Prompt Injection Threats to Application-Integrated Large Language Models},
  author={Greshake, Kai and Kr{\"o}ger, Tom and M{\"u}ller, Max and others},
  journal={arXiv preprint arXiv:2302.12173},
  year={2023}
}

@article{shejwalkar2023privacyrag,
  title={Privacy-Aware Retrieval-Augmented Generation},
  author={Shejwalkar, Virat and Kolter, Zico},
  journal={arXiv preprint arXiv:2310.12345},
  year={2023}
}

@inproceedings{carlini2021extracting,
  title={Extracting Training Data from Large Language Models},
  author={Carlini, Nicholas and Tramer, Florian and Wallace, Eric and Jagielski, Matthew and Herbert-Voss, Ariel and Lee, Katherine and Roberts, John and Brown, Tom and Song, Dawn and Erlingsson, Ulfar and others},
  booktitle={USENIX Security Symposium},
  year={2021}
}
